@misc{kotlinbeginners,
  author = {Peter Sommerhoff},
  title = {Kotlin for Beginners: Learn Programming With Kotlin},
  year = {2016},
  url = {https://www.udemy.com/kotlin-course/},
  note = "(Usou-se a versão mais recente do curso em 03/04/2018)"
}

@misc{kotlinandroid,
  author = {Peter Sommerhoff},
  title = {Kotlin for Android \& Java Developers: Clean Code on Android},
  year = {2017},
  url = {https://www.udemy.com/kotlin-android/},
  note = "(Usou-se a versão mais recente do curso em 15/05/2018)"
}
